% Encoding: UTF-8

@Misc{lodders20,
  author        = {Katharina Lodders},
  month         = {12},
  title         = {Solar Elemental Abundances},
  year          = {2020},
  archiveprefix = {arXiv},
  doi           = {10.1093/acrefore/9780190647926.013.145},
  eprint        = {1912.00844},
  publisher     = {Oxford University Press},
  url           = {https://oxfordre.com/planetaryscience/view/10.1093/acrefore/9780190647926.001.0001/acrefore-9780190647926-e-145},
}

@Article{allende-prieto16,
  author  = {Allende Prieto, Carlos},
  journal = {Living Reviews in Solar Physics},
  title   = {Solar and stellar photospheric abundances},
  year    = {2016},
  pages   = {1 (40pp)},
  volume  = {13},
  doi     = {10.1007/s41116-016-0001-6},
}

@Article{asplund09,
  author        = {{Asplund}, Martin and {Grevesse}, Nicolas and {Sauval}, A. Jacques and {Scott}, Pat},
  journal       = {Annual Review of Astronomy and Astrophysics},
  title         = {The Chemical Composition of the Sun},
  year          = {2009},
  month         = sep,
  number        = {1},
  pages         = {481-522},
  volume        = {47},
  adsnote       = {Provided by the SAO/NASA Astrophysics Data System},
  adsurl        = {https://ui.adsabs.harvard.edu/abs/2009ARA&A..47..481A},
  archiveprefix = {arXiv},
  doi           = {10.1146/annurev.astro.46.060407.145222},
  eprint        = {0909.0948},
  keywords      = {Astrophysics - Solar and Stellar Astrophysics, Astrophysics - Earth and Planetary Astrophysics},
  primaryclass  = {astro-ph.SR},
}

@Article{lodders09,
  author        = {{Lodders}, K. and {Palme}, H. and {Gail}, H. -P.},
  journal       = {Landolt B\"ornstein},
  title         = {Abundances of the Elements in the Solar System},
  year          = {2009},
  month         = jan,
  pages         = {712},
  volume        = {4B},
  adsnote       = {Provided by the SAO/NASA Astrophysics Data System},
  adsurl        = {https://ui.adsabs.harvard.edu/abs/2009LanB...4B..712L},
  archiveprefix = {arXiv},
  doi           = {10.1007/978-3-540-88055-4_34},
  eprint        = {0901.1149},
  keywords      = {solar abundances, solar system abundances, condensation temperatures, Astrophysics - Earth and Planetary Astrophysics},
  primaryclass  = {astro-ph.EP},
}

@Article{mckeegan11,
  author   = {{McKeegan}, K.~D. and {Kallio}, A.~P.~A. and {Heber}, V.~S. and {Jarzebinski}, G. and {Mao}, P.~H. and {Coath}, C.~D. and {Kunihiro}, T. and {Wiens}, R.~C. and {Nordholt}, J.~E. and {Moses}, R.~W. and {Reisenfeld}, D.~B. and {Jurewicz}, A.~J.~G. and {Burnett}, D.~S.},
  journal  = {Science},
  title    = {The Oxygen Isotopic Composition of the Sun Inferred from Captured Solar Wind},
  year     = {2011},
  month    = jun,
  number   = {6037},
  pages    = {1528},
  volume   = {332},
  adsnote  = {Provided by the SAO/NASA Astrophysics Data System},
  adsurl   = {https://ui.adsabs.harvard.edu/abs/2011Sci...332.1528M},
  doi      = {10.1126/science.1204636},
  keywords = {PLANET SCI},
}

@Article{marty11,
  author   = {{Marty}, B. and {Chaussidon}, M. and {Wiens}, R.~C. and {Jurewicz}, A.~J.~G. and {Burnett}, D.~S.},
  journal  = {Science},
  title    = {A $^{15}$N-Poor Isotopic Composition for the Solar System As Shown by {G}enesis Solar Wind Samples},
  year     = {2011},
  month    = jun,
  number   = {6037},
  pages    = {1533},
  volume   = {332},
  adsnote  = {Provided by the SAO/NASA Astrophysics Data System},
  adsurl   = {https://ui.adsabs.harvard.edu/abs/2011Sci...332.1533M},
  doi      = {10.1126/science.1204656},
  keywords = {PLANET SCI},
}

@Article{heber09,
  author  = {{Heber}, Veronika S. and {Wieler}, Rainer and {Baur}, Heinrich and {Olinger}, Chad and {Friedmann}, Tom A. and {Burnett}, Donald S.},
  journal = {Geochimica et Cosmochimica Acta},
  title   = {Noble gas composition of the solar wind as collected by the {G}enesis mission},
  year    = {2009},
  month   = dec,
  number  = {24},
  pages   = {7414-7432},
  volume  = {73},
  adsnote = {Provided by the SAO/NASA Astrophysics Data System},
  adsurl  = {https://ui.adsabs.harvard.edu/abs/2009GeCoA..73.7414H},
  doi     = {10.1016/j.gca.2009.09.013},
}

@Article{bensby14,
  author        = {{Bensby}, T. and {Feltzing}, S. and {Oey}, M.~S.},
  journal       = {Astronomy \& Astrophysics},
  title         = {{Exploring the Milky Way stellar disk. A detailed elemental abundance study of 714 F and G dwarf stars in the solar neighbourhood}},
  year          = {2014},
  month         = feb,
  pages         = {A71},
  volume        = {562},
  adsnote       = {Provided by the SAO/NASA Astrophysics Data System},
  adsurl        = {https://ui.adsabs.harvard.edu/abs/2014A&A...562A..71B},
  archiveprefix = {arXiv},
  doi           = {10.1051/0004-6361/201322631},
  eid           = {A71},
  eprint        = {1309.2631},
  keywords      = {Galaxy: disk, Galaxy: formation, Galaxy: evolution, stars: abundances, stars: fundamental parameters, stars: kinematics and dynamics, Astrophysics - Astrophysics of Galaxies},
  primaryclass  = {astro-ph.GA},
}

@Comment{jabref-meta: databaseType:bibtex;}
